@Book{knuth:84,
  author = 	 {Donald E. Knuth},
  title = 	 {The {\TeX} Book},
  publisher = 	 {Addison-Wesley},
  year = 	 {1984},
  edition = 	 {15th}
}

@Book{pressman:2015,
	author = 	 {Roger S. Pressman and Bruce R. Maxim},
	title = 	 {Software Engineering: A practitioner's approach},
	publisher = 	 {McGraw-Hill Education},
	year = 	 {2015},
	edition = 	 {8th}
}

@Book{sommervile:2016,
	author = 	 {Ian Sommervile},
	title = 	 {Software Engineering},
	publisher = 	 {Person Education Limited},
	year = 	 {2016},
	edition = 	 {10th}
}

@InCollection{boulic:91,
  author = 	 {R. Boulic and O. Renault},
  title = 	 {3D Hierarchies for Animation},
  booktitle = 	 {New Trends in Animation and Visualization},
  publisher =    {John Wiley {\&} Sons ltd.},
  year = 	 {1991},
  editor = 	 {Nadia Magnenat-Thalmann and Daniel Thalmann}
}

@InCollection{smith:99,
  author = 	 {A. Smith and B. Jones},
  title = 	 {On the Complexity of Computing},
  booktitle = 	 {Advances in Computer Science},
  pages = 	 {555--566},
  publisher =    {Publishing Press},
  year = 	 {1999},
  editor = 	 {A. B. Smith-Jones}
}

@misc{perp,
	author = {Fátima Costa},
	title = {{Empresa de ônibus reduz custos com software de gestão}},
	howpublished = "\url{https://portalerp.com/empresa-de-onibus-reduz-custos-com-software-de-gestao}",
	year = {2016}
}

@misc{easy,
	author = {{Easybus Software}},
	title = {{Easytrans}},
	howpublished = "\url{http://easybus.com.br/produtos/index.html}",
	year = {2019}
}

@misc{praxio,
	author = {Praxio},
	title = {{Praxio Globus}},
	howpublished = "\url{https://www.praxio.com.br/software-gestao/globus/}",
	year = {2019}
}

@misc{busbud,
	author = {Busbud},
	title = {{A melhor maneira de comprar passagem de ônibus}},
	howpublished = "\url{https://www.busbud.com/pt}",
	year = {2019}
}

@misc{qp,
	author = {{Quero Passagem}},
	title = {{Passagem de ônibus sem sair de casa}},
	howpublished = "\url{https://queropassagem.com.br}",
	year = {2019}
}

@misc{br:2015,
	author = {Brasil},
	title = {Resolução Nº 4.770/2015},
	howpublished = "Agência nacional de transportes terreastes. Ministério dos transportes. Resolução Nº 4.770, de 25 de junho de 2015",
	year = {2015}
}

@misc{br:2007,
	author = {Brasil},
	title = {Resolução Nº 1.971/2007},
	howpublished = "Agência nacional de transportes terreastes. Ministério dos transportes. Resolução Nº 1.971, de 25 de abril de 2007",
	year = {2007}
}

